@article{lenstra1977complexity,
  title={Complexity of machine scheduling problems},
  author={Lenstra, Jan Karel and Kan, AHG Rinnooy and Brucker, Peter},
  year={1977},
  publisher={Econometric Institute of the Erasmus University}
}

@article{lenstra1979computational,
  title={Computational complexity of discrete optimization problems},
  author={Lenstra, Jan Karel and Kan, AHG Rinnoy},
  journal={Annals of Discrete Mathematics},
  volume={4},
  pages={121--140},
  year={1979},
  publisher={Elsevier}
}

@article{blazewicz2000disjunctive,
  title={The disjunctive graph machine representation of the job shop scheduling problem},
  author={B{\-l}a{\.z}ewicz, Jacek and Pesch, Erwin and Sterna, Malgorzata},
  journal={European Journal of Operational Research},
  volume={127},
  number={2},
  pages={317--331},
  year={2000},
  publisher={Elsevier}
}

@article{carlier1989algorithm,
  title={An algorithm for solving the job-shop problem},
  author={Carlier, Jacques and Pinson, Eric},
  journal={Management science},
  volume={35},
  number={2},
  pages={164--176},
  year={1989},
  publisher={INFORMS}
}

@article{van1992job,
  title={Job shop scheduling by simulated annealing},
  author={Van Laarhoven, Peter JM and Aarts, Emile HL and Lenstra, Jan Karel},
  journal={Operations research},
  volume={40},
  number={1},
  pages={113--125},
  year={1992},
  publisher={INFORMS}
}

@inproceedings{davis1985job,
  title={Job shop scheduling with genetic algorithms},
  author={Davis, Lawrence},
  booktitle={Proceedings of the 1st international conference on genetic algorithms},
  pages={136--140},
  year={1985},
  organization={L. Erlbaum Associates Inc.}
}
